
@book{serway_physics_2014,
	address = {Boston},
	title = {Physics for {Scientists} and {Engineers} with {Modern} {Physics}},
	publisher = {Brooks-Cole},
	author = {Serway, Raymond A. and Jewett, John W.},
	year = {2014},
}

@book{boas_mathematical_2005,
	address = {Washington},
	title = {Mathematical {Methods} in the {Physical} {Sciences}},
	publisher = {Wiley},
	author = {Boas, Mary L.},
	year = {2005},
}

@book{felder_modern_2022,
	address = {Cambridge},
	title = {Modern {Physics}},
	isbn = {978-1-108-91327-0},
	publisher = {Cambridge University Press},
	author = {Felder, Gary N. and Felder, Kenny M.},
	month = sep,
	year = {2022},
	doi = {10.1017/9781108913270},
}

@book{taylor_classical_2005,
	address = {Sausalito, Calif},
	edition = {Nachdr.},
	title = {Classical mechanics},
	isbn = {978-1-891389-22-1},
	language = {eng},
	publisher = {University Science Books},
	author = {Taylor, John R.},
	year = {2005},
}

@book{shankar_principles_2014,
	address = {New York, NY},
	edition = {Second edition, corrected at 19th printing},
	title = {Principles of quantum mechanics},
	isbn = {978-0-306-44790-7},
	language = {eng},
	publisher = {Springer},
	author = {Shankar, Ramamurti},
	year = {2014},
}

@book{basdevant_fundamentals_2010,
	address = {New York, NY},
	edition = {Softcover version of original hardcover edition 2005},
	title = {Fundamentals in nuclear physics: from nuclear structure to cosmology},
	isbn = {978-1-4419-1849-9},
	shorttitle = {Fundamentals in nuclear physics},
	language = {eng},
	publisher = {Springer},
	author = {Basdevant, Jean-Louis and Rich, James and Spiro, Michael},
	year = {2010},
}
